<record><leader>00000cas a22000007a 4500</leader><controlfield tag="001">9321358</controlfield><controlfield tag="008">830318d18471850mauwr ne      0    0eng d</controlfield><datafield ind1=" " ind2=" " tag="010"><subfield code="a">sn 83020321 </subfield></datafield><datafield ind1=" " ind2=" " tag="040"><subfield code="a">NPX</subfield><subfield code="b">eng</subfield><subfield code="c">NPX</subfield><subfield code="d">DLC</subfield><subfield code="d">MGN</subfield><subfield code="d">HLS</subfield><subfield code="d">DLC</subfield><subfield code="d">OCLCF</subfield><subfield code="d">OCLCO</subfield></datafield><datafield ind1="1" ind2=" " tag="029"><subfield code="a">AU@</subfield><subfield code="b">000025790420</subfield></datafield><datafield ind1=" " ind2=" " tag="042"><subfield code="a">msc</subfield></datafield><datafield ind1=" " ind2=" " tag="043"><subfield code="a">n-us-ma</subfield></datafield><datafield ind1="0" ind2="0" tag="050"><subfield code="a">Newspaper</subfield></datafield><datafield ind1="0" ind2=" " tag="130"><subfield code="a">Roxbury gazette (Roxbury, Mass. : 1847)</subfield></datafield><datafield ind1="1" ind2="4" tag="245"><subfield code="a">The Roxbury gazette.</subfield></datafield><datafield ind1="1" ind2="3" tag="246"><subfield code="a">Roxbury gazette and Norfolk County American</subfield></datafield><datafield ind1=" " ind2=" " tag="260"><subfield code="a">Roxbury [Boston, Mass.] :</subfield><subfield code="b">E.L. Keyes,</subfield><subfield code="c">1847-1850.</subfield></datafield><datafield ind1=" " ind2=" " tag="300"><subfield code="a">3 v. ;</subfield><subfield code="c">59 cm.</subfield></datafield><datafield ind1=" " ind2=" " tag="310"><subfield code="a">Weekly</subfield></datafield><datafield ind1="0" ind2=" " tag="362"><subfield code="a">Vol. 9, no. 27 (July 3, 1847)-v. 11, no. 44 (Oct. 27, 1849) ; v. 2, no. 45 (Nov. 3, 1849)-v. 3, no. 5 (Feb. 2, 1850).</subfield></datafield><datafield ind1=" " ind2=" " tag="500"><subfield code="a">Whig, 1847-1848; Free Soil, 1848-1850.</subfield></datafield><datafield ind1=" " ind2=" " tag="500"><subfield code="a">Editor: E.L. Keyes, 1847-1850.</subfield></datafield><datafield ind1=" " ind2=" " tag="515"><subfield code="a">Beginning with issue for Nov. 3, 1849, vol. 11, no. 45 is incorrectly numbered as vol. 2, no. 45. Subsequent issues continue this incorrect volume numbering.</subfield></datafield><datafield ind1=" " ind2="0" tag="651"><subfield code="a">Boston (Mass.)</subfield><subfield code="v">Newspapers.</subfield></datafield><datafield ind1=" " ind2="7" tag="655"><subfield code="a">Newspapers.</subfield><subfield code="2">fast</subfield><subfield code="0">(OCoLC)fst01423814</subfield></datafield><datafield ind1=" " ind2="7" tag="651"><subfield code="a">Massachusetts</subfield><subfield code="z">Boston.</subfield><subfield code="2">fast</subfield><subfield code="0">(OCoLC)fst01205012</subfield></datafield><datafield ind1="1" ind2=" " tag="700"><subfield code="a">Keyes, Edward L.</subfield></datafield><datafield ind1=" " ind2=" " tag="752"><subfield code="a">United States</subfield><subfield code="b">Massachusetts</subfield><subfield code="c">Suffolk</subfield><subfield code="d">Boston.</subfield></datafield><datafield ind1=" " ind2=" " tag="752"><subfield code="a">United States</subfield><subfield code="b">Massachusetts</subfield><subfield code="c">Suffolk</subfield><subfield code="d">Roxbury.</subfield></datafield><datafield ind1="0" ind2="0" tag="780"><subfield code="t">Norfolk County American</subfield><subfield code="w">(DLC)sn 83020320</subfield><subfield code="w">(OCoLC)9316187</subfield></datafield><datafield ind1="0" ind2="0" tag="785"><subfield code="t">Dedham gazette (Dedham, Mass. : 1850)</subfield><subfield code="w">(DLC)sn 83020322</subfield><subfield code="w">(OCoLC)9321575</subfield></datafield></record>